% Bookes:

@book{
	s17b,
	author		= {Beat Pfister and Tobias Kaufmann},
	title 		= {Sprachverarbeitung - Grundlagen und Methoden der Sprachsynthese und Spracherkennung},
	year		= {2017},
	publisher 	= {Springer Vieweg},
	isbn 		= {978-3-662-52838-9}
}

@book{
	gs17b,
	author		= {Stephen Euler},
	title 		= {Grundkurs Spracherkennung},
	year		= {2006},
	publisher 	= {Springer Vieweg},
	isbn 		= {3-8348-0003-1}
}


@book{
	ra17b,
	author		= {Sanjay Patni},
	title 		= {Pro RESTful APIs},
	year		= {2017},
	publisher 	= {Apress},
	isbn 		= {978-1-4842-2665-0}
}

@book{
	cc17b,
	author = {Nick Antonopoulos and Lee Gillam},
	title = {Cloud Computing: Principles, Systems and Applications},
	publisher = {Springer},
	year = {2017},
	isbn = {978-3-319-54645-2}
}

@book{
	ccwbdis17b,
	author = {Baun, C. and Kunze, M. and Nimis, J. and Tai, S.},
	title = {Cloud Computing - Web-basierte dynamische IT-Services},
	publisher = {Springer},
	isbn = {978-3-642-18436-9}
}

@book{
	mmi17b,
	author = {Andreas Butz and Antonio Krüger},
	title = {Mensch-Maschine Interaktion},
	publisher = {CPI books GmbH},
	isbn = {978-3-11-047636-1}
}

@book{
	mqtt17b,
	author = {Bryan Boyd and Joel Gauci and Michael P Robertson and Nguyen Van Duy and Rahul Gupta and Vasfi Gucer and Vladimir Kislicinss},
	title = {Building Real-time Mobile Solutions with MQTT and IBM MessageSight},
	publisher = {IBM Redbooks},
	year = {2014},
	isbn = {978-0-7384-4005-7}
}

% Online:

@online{
	sag17o,
	title = {Sick AG},
	year = {10.10.2017},
	url = {https://www.sick.com/de/en/}
}

@online{
	ws17o,
	title = {Wikipedia - Spracherkennung},
	year = {11.10.2017},
	url = {https://de.wikipedia.org/wiki/Spracherkennung}
}

@online{
	aad17o,
	title  = {Amazon Alexa Devices},
	year = {12.10.2017},
	url = {https://www.amazon.com/Amazon-Echo-And-Alexa-Devices/b?ie=UTF8&node=9818047011}
}

@online{
	pbbmga17o,
	title  = {Philips Bluetooth Box mit Google Assistant},
	year = {12.10.2017},
	url = {http://www.panasonic.com/de/consumer/home-entertainment/tipps-aktionen/hifi-audio/sc-ga10-sprachgesteuerter-lautsprecher-mit-google-assistant.html?gclid=EAIaIQobChMI-Y3gs5fr1gIV7RDTCh3odQMkEAAYASAAEgIIt_D_BwE}
}

@online{
	gh17o,
	title  = {Google Home},
	year = {12.10.2017},
	url = {https://store.google.com/de/product/google_home?gclid=EAIaIQobChMIjL-xjZnr1gIVF2YbCh1QrgkJEAAYASAAEgKH5PD_BwE&dclid=CKqeocCb69YCFQaadwodv5AEpA}
}

@online{
	rs17o,
	title  = {Read Speaker},
	year = {16-10-2017},
	url = {https://www.readspeaker.com/de}
}

@online{
	pc17o,
	title  = {Poncho Chatbot},
	year = {17.10.2017},
	url = {https://poncho.is}
}

@online{
	gnlu17o,
	title  = {Google Natural Language Unterstanding},
	year = {19.10.2017},
	url = {https://cloud.google.com/natural-language/}
}

@online{
	ibm17o,
	title  = {IBM Watson},
	year = {19.10.2017},
	url = {https://www.ibm.com/}
}


@online{
	dcc17o,
	title  = {\ac{NIST} - Definition von Cloud Computing},
	year = {23.10.2017},
	url = {https://www.nist.gov/programs-projects/nist-cloud-computing-program-nccp}
}

@online{
	scc17o,
	title  = {Statista - Umsatz mit Cloud Computing in Deutschland von 2011 bis 2015 und Prognose für 2020},
	year = {25.10.2017},
	url = {https://de.statista.com/statistik/daten/studie/165388/umfrage/prognose-zum-umsatz-mit-cloud-computing/}
}

@online{
	sa17o,
	title  = {Statista - Alexa lernt schnell},
	year = {09.11.2017},
	url = {https://de.statista.com/infografik/10134/verfuegbare-skills-fuer-amazons-digitale-assistentin-alexa/}
}

@online{
	ns17o,
	title  = {Statista - Welchen Nutzen sehen Sie bei der zunehmenden Verbreitung von Sprachassistenten?},
	year = {08.01.2018},
	url = {https://de.statista.com/statistik/daten/studie/739315/umfrage/umfrage-zum-nutzen-von-digitalen-sprachassistenten/}
}

@online{
	wma17o,
	title  = {Wikipedia - Microsoft Azure},
	year = {26.10.2017},
	url = {https://en.wikipedia.org/wiki/Microsoft_Azure}
}

@online{
	ma17o,
	title  = {Microsoft Azure},
	year = {26.10.2017},
	url = {https://azure.microsoft.com/de-de/}
}

@online{
	aws17o,
	title  = {\acf{AWS}},
	year = {26.10.2017},
	url = {https://aws.amazon.com/}
}

@online{
	shd17o,
	title  = {Snowboy Hotword Detection von Kitt.ai},
	year = {27.10.2017},
	url = {https://snowboy.kitt.ai/}
}

@online{
	sth17o,
	title  = {Sensory’s TrulyHandsfree™},
	year = {27.10.2017},
	url = {http://www.sensory.com/products/embedded-software-and-sdks/}
}

@online{
	ps17o,
	title  = {Pocketsphinx von CMU Sphinxs},
	year = {27.10.2017},
	url = {https://cmusphinx.github.io/}
}

@online{
	ssml17o,
	title  = {W3 - \acf{SSML}},
	year = {27.10.2017},
	url = {https://www.w3.org/TR/speech-synthesis/}
}

@online{
	al17o,
	title  = {Amazon Lambda},
	year = {10.01.2018},
	url = {https://aws.amazon.com/de/lambda/}
}

@online{
	adb17o,
	title  = {Amazon DynamoDB},
	year = {11.01.2018},
	url = {https://aws.amazon.com/de/dynamodb/}
}

@online{
	aiot17o,
	title  = {Amazon IoT Core},
	year = {11.01.2018},
	url = {https://aws.amazon.com/de/iot/}
}

@online{
	asns17o,
	title  = {Amazon SNS},
	year = {11.01.2018},
	url = {https://aws.amazon.com/de/sns/}
}

@online{
	acw17o,
	title  = {Amazon CloudWatch},
	year = {11.01.2018},
	url = {https://aws.amazon.com/de/cloudwatch/}
}

@online{
	wlt17o,
	title  = {Watson Language Translator},
	year = {11.01.2018},
	url = {https://www.ibm.com/watson/services/language-translator/}
}

@online{
	fcm17o,
	title  = {Firebase Cloud Messaging},
	year = {12.01.2018},
	url = {https://firebase.google.com/docs/cloud-messaging/}
}

@online{
	ibmd18o,
	title  = {\ac{IBM} - Datenschutz},
	year = {18.01.2018},
	url = {https://www.ibm.com/cloud-computing/bluemix/de/trust-security-privacy}
}

@online{
	md18o,
	title  = {Microsoft - Datenschutz},
	year = {18.01.2018},
	url = {https://azure.microsoft.com/de-de/overview/clouds/germany/?wt.mc_id=azuremktg_hp_germany}
}

@online{
	awsd18o,
	title  = {\ac{AWS} - Datenschutz},
	year = {19.01.2018},
	url = {https://aws.amazon.com/de/data-protection/}
}

@online{
	ibmstt17o,
	title  = {\ac{IBM} - Speech To Text},
	year = {20.10.2017},
	url = {https://console.bluemix.net/docs/services/speech-to-text/index.html#about}
}

@online{
	ibmc17o,
	title  = {\ac{IBM} - Conversation},
	year = {20.10.2017},
	url = {https://console.bluemix.net/docs/services/conversation/index.html#about}
}

@online{
	ibmtts17o,
	title  = {\ac{IBM} - Text To Speech},
	year = {20.10.2017},
	url = {https://console.bluemix.net/docs/services/text-to-speech/index.html#about}
}

@online{
	mbs17o,
	title  = {Microsoft - Bing Speech \ac{API}},
	year = {20.10.2017},
	url = {https://docs.microsoft.com/en-us/azure/cognitive-services/speech/home}
}

@online{
	mluis17o,
	title  = {Microsoft - \ac{LUIS}},
	year = {20.10.2017},
	url = {https://docs.microsoft.com/en-us/azure/cognitive-services/LUIS/Home}
}

@online{
	alex17o,
	title  = {Amazon - Lex},
	year = {20.10.2017},
	url = {https://aws.amazon.com/de/documentation/lex/}
}

@online{
	apolly17o,
	title  = {Amazon - Polly},
	year = {20.10.2017},
	url = {https://aws.amazon.com/de/documentation/polly/}
}




% Paper:

@article{
	gnm17a,
	abstract = {Neural Machine Translation (NMT) is an end-to-end learning approach for automated translation, with the potential to overcome many of the weaknesses of conventional phrase-based translation systems. Unfortunately, NMT systems are known to be computationally expensive both in training and in translation inference. Also, most NMT systems have difficulty with rare words. These issues have hindered NMT's use in practical deployments and services, where both accuracy and speed are essential. In this work, we present GNMT, Google's Neural Machine Translation system, which attempts to address many of these issues. Our model consists of a deep LSTM network with 8 encoder and 8 decoder layers using attention and residual connections. To improve parallelism and therefore decrease training time, our attention mechanism connects the bottom layer of the decoder to the top layer of the encoder. To accelerate the final translation speed, we employ low-precision arithmetic during inference computations. To improve handling of rare words, we divide words into a limited set of common sub-word units ({\dq}wordpieces{\dq}) for both input and output. This method provides a good balance between the flexibility of {\dq}character{\dq}-delimited models and the efficiency of {\dq}word{\dq}-delimited models, naturally handles translation of rare words, and ultimately improves the overall accuracy of the system. Our beam search technique employs a length-normalization procedure and uses a coverage penalty, which encourages generation of an output sentence that is most likely to cover all the words in the source sentence. On the WMT'14 English-to-French and English-to-German benchmarks, GNMT achieves competitive results to state-of-the-art. Using a human side-by-side evaluation on a set of isolated simple sentences, it reduces translation errors by an average of 60{\%} compared to Google's phrase-based production system.},
	author = {Wu, Yonghui and Schuster, Mike and Chen, Zhifeng and {Le V}, Quoc and Norouzi, Mohammad and Macherey, Wolfgang and Krikun, Maxim and Cao, Yuan and Gao, Qin and Macherey, Klaus and Klingner, Jeff and Shah, Apurva and Johnson, Melvin and Liu, Xiaobing and Kaiser, {\L}ukasz and Gouws, Stephan and Kato, Yoshikiyo and Kudo, Taku and Kazawa, Hideto and Stevens, Keith and Kurian, George and Patil, Nishant and Wang, Wei and Young, Cliff and Smith, Jason and Riesa, Jason and Rudnick, Alex and Vinyals, Oriol and Corrado, Greg and Hughes, Macduff and Dean, Jeffrey},
	title = {Google's Neural Machine Translation System: Bridging the Gap between  Human and Machine Translation},
	year = {08.10.2016},
	keywords = {Computer Science - Artificial Intelligence;Computer Science - Computation and Language;Computer Science - Learning}
}

@article{
	srg17a,
	author = {Synergy Research Group},
	title = {The Leading Cloud Providers Continue to Run Away with the Market},
	year = {27.07.2017},
	url = {https://www.srgresearch.com/articles/leading-cloud-providers-continue-run-away-market}
}

@article{
	cw17a,
	author = {Computerwoche},
	title  = {Mit der deutschen Cloud zu neuen Geldquellen},
	year = {21.09.2017},
	url = {https://www.computerwoche.de/a/microsoft-azure-mit-der-deutschen-cloud-zu-neuen-geldquellen,3224773}
}

@article{
	bmw17a,
	author = {BMW Blog},
	title  = {Amazon Alexa coming to all BMW and MINi cars in mid-2018},
	year = {09.11.2017},
	url = {http://www.bmwblog.com/2017/09/27/amazon-alexa-coming-bmw-mini-cars-mid-2018/}
}

@article{
	pw17a,
	author = {PC Welt},
	title  = {Alexa Smart Home: Die besten Geräte für Amazon Echo},
	year = {09.11.2017},
	url = {https://www.pcwelt.de/a/alexa-smart-home-die-besten-geraete-fuer-amazon-echo,3391001}
}

@article{
	nlp18a,
	author = {Alexandre Trilla},
	title  = {Natural Language Processing techniques in Text-To-Speech
	synthesis and Automatic Speech Recognition},
	year = {31.01.2009}
}

@article{
	at18a,
	author = {Netzwelt},
	title  = {Amazon Alexa im Test: Alles mit Skill},
	year = {29.01.2018},
	url = {https://www.netzwelt.de/amazon-alexa/testbericht.html}
}













	










	
	
